

@online{computadores,
     author = "Augusto Enrique Salasar Jimenez ",
     Title = "Nociones de la memoria del computador",
     Url = "https://classroom.google.com/u/1/c/MTQ0MDA0NjgzNzk4/a/MTQ0MTQxNTk0MTkw/details",
     addendum = "(accessed: 05.09.2020)",
    keywords = "memorias del computador"
}

@online{transisores,
     author = "Peter Bastian ",
     Title = "Electrotecnia",
     Url = "https://books.google.com.co/books?hl=es&lr=&id=sjizVaqQA8gC&oi=fnd&pg=PA9&dq=Peter+Bastian+transistores&ots=QTAKRu8na5&sig=FXfDknYoO-Zhswd1-SbMKf9fagI&redir_esc=y#v=onepage&q=Peter\%20Bastian\%20transistores&f=false",
     addendum = "(accessed: 06.09.2020)",
    keywords = "transistores"
    
}