
@online{knuthwebsite,
     author = "Augusto Enrique Salasar Jimenez "
     Title = "Nociones de la memoria del computador"
     Url = "https://classroom.google.com/u/1/c/MTQ0MDA0NjgzNzk4/a/MTQ0MTQxNTk0MTkw/details"
     addendum = "(accessed: 05.09.2020)",
    keywords = "memorias del computador"
}
     